%% This BibTeX bibliography file was created using BibDesk.
%% http://bibdesk.sourceforge.net/

%% Created for Jaan Tohver at 2015-05-14 14:34:19 +0300 


%% Saved with string encoding Unicode (UTF-8) 



@article{consumer2004melody,
	Author = {Melody M. Tsang and Shu-Chun Ho and Ting-Peng Liang},
	Date-Added = {2015-05-14 11:20:35 +0000},
	Date-Modified = {2015-05-14 11:21:44 +0000},
	Journal = {International Journal of Electronic Commerce},
	Month = {Spring},
	Pages = {65-78},
	Title = {Consumer Attitudes Toward Mobile Advertising: An Empirical Study},
	Volume = {8},
	Year = {2004}}

@inproceedings{dontkillmyads,
	Author = {Ilias Leontiadis and Christos Efstratiou and Marco Picone and Cecilia Mascolo},
	Booktitle = {Proceedings of the Twelfth Workshop on Mobile Computing Systems \& Applications Article No. 2},
	Date-Added = {2015-05-14 11:11:53 +0000},
	Date-Modified = {2015-05-14 11:32:51 +0000},
	Title = {Don't kill my ads!: balancing privacy in an ad-supported mobile application market},
	Year = {2012}}

@inproceedings{parissa2005increasingadvalue,
	Author = {Parissa Haghirian and Maria Madlberger and Andrea Tanuskova},
	Booktitle = {Proceedings of the 38th Annual Hawaii International Conference on System Sciences},
	Date-Added = {2015-05-14 11:04:52 +0000},
	Date-Modified = {2015-05-14 11:06:36 +0000},
	Pages = {32c},
	Title = {Increasing Advertising Value of Mobile Marketing - An Empirical Study of Antecedents},
	Volume = {1},
	Year = {2005}}

@inproceedings{kiel2004frustration,
	Author = {Kiel M Gilleade and Alan Dix},
	Booktitle = {Proceedings of the 2004 ACM SIGCHI International Conference on Advances in computer entertainment technology},
	Date-Added = {2015-05-14 10:54:58 +0000},
	Date-Modified = {2015-05-14 10:56:10 +0000},
	Pages = {228-232},
	Title = {Using frustration in the design of adaptive videogames},
	Year = {2004}}

@article{geller2014howdoyoufeel,
	Author = {Tom Geller},
	Date-Added = {2015-05-14 10:50:30 +0000},
	Date-Modified = {2015-05-14 10:51:31 +0000},
	Journal = {Communications of the ACM},
	Month = {January},
	Pages = {24-26},
	Title = {How do you feel?: your computer knows},
	Volume = {57},
	Year = {2014}}

@inproceedings{flores2013cloudmessaging,
	Author = {Huber Flores and Satish Srirama},
	Booktitle = {Proceeding of the fourth ACM workshop on Mobile cloud computing and services},
	Date-Added = {2015-05-14 10:36:02 +0000},
	Date-Modified = {2015-05-14 10:39:11 +0000},
	Pages = {17-24},
	Title = {Mobile cloud messaging supported by XMPP primitives},
	Year = {2013}}

@inproceedings{likamwa2013moodscope,
	Author = {Robert LiKamWa and Yunxin Liu and Nicholas D. Lane and Lin Zhong},
	Booktitle = {MobiSys '13 Proceeding of the 11th annual international conference on Mobile systems, applications, and services},
	Date-Added = {2015-05-13 09:43:12 +0000},
	Date-Modified = {2015-05-13 09:44:16 +0000},
	Title = {MoodScope: building a mood sensor from smartphone usage patterns},
	Year = {2013}}

@inproceedings{aalto2004btandwap,
	Author = {Lauri Aalto and Nicklas G{\"o}thlin and Jani Korohonen and Timo Ojala},
	Booktitle = {MobiSys '04 Proceedings of the 2nd international conference on Mobile systems, applications, and services},
	Date-Added = {2015-05-13 09:36:04 +0000},
	Date-Modified = {2015-05-13 09:37:02 +0000},
	Title = {Bluetooth and WAP push based location-aware mobile advertising system},
	Year = {2004}}

@inproceedings{hristova2004adme,
	Author = {Nataliya Hristova and G. M. P. O'Hare},
	Booktitle = {HICSS '04 Proceedings of the Proceedings of the 37th Annual Hawaii International Conference on System Sciences (HICSS'04) - Track 9 - Volume 9},
	Date-Added = {2015-05-13 09:32:55 +0000},
	Date-Modified = {2015-05-13 09:34:53 +0000},
	Title = {Ad-me: Wireless Advertising Adapted to the User Location, Device and Emotions},
	Year = {2004}}

@article{chowdhury2010consumer,
	Author = {Chowdhury, Humayun Kabir and Parvin, Nargis and Weitenberner, Christian and Becker, Michael},
	Date-Added = {2015-05-12 17:36:42 +0000},
	Date-Modified = {2015-05-12 17:38:21 +0000},
	Journal = {International Journal of Mobile Marketing},
	Title = {Consumer attitude toward mobile advertising in an emerging market: An empirical study},
	Year = {2006}}
